# ref.bib
# -
# thesis (c) by Franco Masotti <franco.masotti at student.unife.it>
# -
# thesis is licensed under a
# Creative Commons Attribution-ShareAlike 4.0 International License.
# -
# You should have received a copy of the license along with this
# work. If not, see <http://creativecommons.org/licenses/by-sa/4.0/>.

@online{prolog,
    title           =   {Prolog},
    url             =   {https://en.wikipedia.org/w/index.php?title=Prolog&oldid=859122393},
    urldate         =   {2018-09-15},
    organization    =   {Wikimedia Foundation, Inc.},
}

@online{swiprolog,
    title   = {SWI Prolog},
    url     = {http://www.swi-prolog.org/},
    urldate = {2018-09-15},
}

@online{swish,
    title   = {SWISH},
    url     = {https://swish.swi-prolog.org/help/about.html},
    urldate = {2018-09-15},
}

@online{cplint,
    author          = {Fabrizio Riguzzi},
    title           = {cplint},
    organization    = {UNIFE},
    url             = {https://github.com/friguzzi/cplint/tree/425ab7cd20ed60974bb80f5a5c54a4773a16d8ff},
    urldate         = {2018-09-17},
}

@online{rDefinition,
    title           = {R},
    url             = {https://www.r-project.org/},
    urldate         = {2018-09-17},
    organization    = {The R Foundation},
}

@online{docker,
    title           = {Docker (software)},
    url             = {https://en.wikipedia.org/w/index.php?title=Docker_(software)&oldid=859927458},
    urldate         = {2018-09-17},
    organization    = {Wikimedia Foundation, Inc.},
}

@online{qemu,
    title   = {QEMU},
    url     = {http://www.qemu-project.org/},
    urldate = {2018-09-17},
}

@online{qvm,
    author  = {Franco Masotti},
    title   = {QVM},
    url     = {https://github.com/frnmst/qvm/tree/33d11f114dd116a66c261c2786b95a36b7b114c6},
    urldate = {2018-09-17},
}

@online{rserveclient,
    title   = {rserve\_client},
    url     = {https://github.com/JanWielemaker/rserve_client/tree/e761657f25828dc4d493ae3bb0c8f926cf19a243},
    urldate = {2018-09-17},    
}

@online{rprolognotations,
    title   = {R/SWISH demos},
    url     = {http://swish.swi-prolog.org/example/Rserve.swinb},
    urldate = {2018-09-17},
}

@online{rFaster,
    title   = {Performance tests for transferring data},
    url     = {http://swish.swi-prolog.org/example/Rserve.swinb},
    urldate = {2018-09-17},
}

@online{portsLikeSystem,
    title   = {Cos'è un sistema ports-like?},
    url     = {https://wiki.archlinux.org/index.php?title=Arch_Build_System_(Italiano)&oldid=540056},
    urldate = {2018-09-17},
}

@online{archLinux,
    title   = {Arch Linux},
    url     = {https://wiki.archlinux.org/index.php?title=Arch_Linux_(Italiano)&oldid=463564},
    urldate = {2018-09-17},
}

@online{javascriptDepsSWISH,
    title   = {Download as zip},
    url     = {https://github.com/SWI-Prolog/swish/tree/824c75720de82cb8a363e2ea3cd0011070a337a7},
    urldate = {2018-09-17},
}

@online{lastestSWIProlog,
    title   = {Get the latest SWI-Prolog},
    url     = {https://github.com/SWI-Prolog/swish/tree/824c75720de82cb8a363e2ea3cd0011070a337a7},
    urldate = {2018-09-17},
}

@online{swishWebDepsZip,
    title   = {Dipendenze web ZIP SWISH},
    url     = {http://www.swi-prolog.org/download/swish/},
    urldate = {2018-09-17},
}

@online{debianFirstDistro,
    title   = {A Brief History of Debian Chapter 1 - Introduction -- What is the Debian Project?},
    url     = {https://www.debian.org/doc/manuals/project-history/ch-intro.en.html},
    urldate = {2018-09-17},
}

@online{debian,
    title   = {COSA è Debian?},
    url     = {https://www.debian.org/intro/about.it.html},
    urldate = {2018-09-17},
}

@online{SWIPrologPPA,
    title   = {Installing from PPA (Ubuntu Personal Package Archive)},
    url     = {http://www.swi-prolog.org/build/PPA.txt},
    urldate = {2018-09-17},
}

@online{ggplot2,
    title   = {ggplot2},
    url     = {http://ggplot2.org/},
    urldate = {2018-09-17},
}

@online{ggplot2OriginalDefinition,
    title   = {ggplot2},
    url     = {http://had.co.nz/ggplot2/},
    urldate = {2018-09-17},
}

@online{grammarOfGraphics,
    title   = {The Grammar of (Interactive) Graphics},
    url     = {https://mattsigal.github.io/InteractiveGraphics},
    urldate = {2018-09-17},
}

@online{operatingSystemLevelVirtualization,
    title   = {Operating-system-level virtualization},
    url     = {https://en.wikipedia.org/w/index.php?title=Operating-system-level_virtualization&oldid=858773658},
    urldate = {2018-09-17},
    organization    =   {Wikimedia Foundation, Inc.},
}

@online{DockerfileReference,
    title   = {Dockerfile reference},
    url     = {https://docs.docker.com/engine/reference/builder},
    urldate = {2018-09-17},
}

@online{rObject,
    title   = {Other types of objects},
    note    = {An Introduction to R, Pag. 11 (17), Par. 2.8},
    url     = {https://cran.r-project.org/doc/manuals/R-intro.pdf},
    urldate = {2018-09-17},
}

@online{rList,
    title   = {Lists},
    note    = {An Introduction to R, Pag. 26 (32), Par. 6.1},
    url     = {https://cran.r-project.org/doc/manuals/R-intro.pdf},
    urldate = {2018-09-17},
}

@online{rVectorsAndAssignment,
    title   = {Vectors and assignment},
    note    = {An Introduction to R, Pag. 7 (13), Par. 2.1},
    url     = {https://cran.r-project.org/doc/manuals/R-intro.pdf},   
    urldate = {2018-09-17},
}

@online{rConcatenatingLists,
    title   = {Concatenating lists},
    note    = {An Introduction to R, Pag. 27 (33), Par. 6.2.1},
    url     = {https://cran.r-project.org/doc/manuals/R-intro.pdf},
    urldate = {2018-09-17},
}
    
@online{rDataFrameDefinition,
    title   = {Data frames},
    note    = {An Introduction to R, Pag. 27 (33), Par. 6.3.1},
    url     = {https://cran.r-project.org/doc/manuals/R-intro.pdf},
    urldate = {2018-09-17},
}

@online{rMatrices,
    title   = {Matrix facilities},
    note    = {An Introduction to R, Pag. 22 (28), Par. 5.7},
    url     = {https://cran.r-project.org/doc/manuals/R-intro.pdf},
    urldate = {2018-09-17},
}

@online{gridExtra,
    title   = {gridExtra: Miscellaneous Functions for "Grid" Graphics},
    url     = {https://cran.r-project.org/web/packages/gridExtra/index.html},
    urldate = {2018-09-17},
}

@online{dockerPrivilegeEscalation0,
    title   = {Docker security},
    url     = {http://docs.docker.com/engine/security/security/},
    urldate = {2018-09-17},
}

@online{dockerPrivilegeEscalation1,
    title   = {Docker},
    note    = {Arch Wiki},
    url     = {https://wiki.archlinux.org/index.php?title=Docker&oldid=540223},
    urldate = {2018-09-17},
}

@online{bower,
    title   = {Bower},
    url     = {https://bower.io/},
    urldate = {2018-09-17},
}

@online{rserve,
    title   = {Rserve},
    note    = {What is Rserve?},
    url     = {https://www.rforge.net/Rserve/},
    urldate = {2018-09-17},
}

@online{unixSocket,
    title           = {Unix domain socket},
    url             = {https://en.wikipedia.org/w/index.php?title=Unix_domain_socket&oldid=850913211},
    urldate         = {2018-09-17},
    organization    = {Wikimedia Foundation, Inc.},
}

@online{canvasHtml,
    title           = {Canvas element},
    url             = {https://en.wikipedia.org/w/index.php?title=Canvas_element&oldid=856971630},
    urldate         = {2018-09-17},
    organization    = {Wikimedia Foundation, Inc.},
}

@online{d3js,
    title   = {D3.js},
    url     = {https://github.com/d3/d3/wiki},
    urldate = {2018-09-17},
}

@online{rserveClientDefinition,
    author  = {Franco Masotti},
    title   = {rserve\_client},
    url     = {https://github.com/frnmst/rserve_client/tree/82b2328e072367f5bd082d139667b9f96069ea28},
    urldate = {2018-09-17},
}

@online{swishManualInstallation,
    author  = {Franco Masotti},
    title   = {swish},
    url     = {https://github.com/frnmst/swish/tree/cc2c679e3c66a9ad136ee9704ba881de9ca2f884},
    urldate = {2018-09-17},
}

@online{coinmswpl,
    title   = {coinmsw.pl},
    author  = {Fabrizio Riguzzi},
    url     = {https://github.com/frnmst/swish/blob/cc2c679e3c66a9ad136ee9704ba881de9ca2f884/examples/inference/coinmsw.pl},
    urldate = {2018-09-18},
}

@online{coinmswrpl,
    title   = {coinmsw\_R.pl},
    author  = {Franco Masotti},
    url     = {https://github.com/frnmst/swish/blob/cc2c679e3c66a9ad136ee9704ba881de9ca2f884/examples/inference/coinmsw_R.pl},
    urldate = {2018-09-18},
}

@online{gpr,
    title   = {Gaussian Processes for Regression: A Quick Introduction},
    url     = {https://arxiv.org/pdf/1505.02965v2.pdf},
    author  = {M. Ebden},
    year    = {2008},
    month   = {08},
}

@online{gprRpl,
    title   = {gpr\_R.pl},
    author  = {Franco Masotti},
    url     = {https://github.com/frnmst/swish/blob/cc2c679e3c66a9ad136ee9704ba881de9ca2f884/examples/inference/gpr_R.pl},
    urldate = {2018-09-18},
}

@online{cplintRInterface,
    title   = {Cplint R Manual},
    author  = {Franco Masotti},
    url     = {https://frnmst.github.io/cplint_r/cplint_r.html},
    urldate = {2018-09-18},
}

@online{assignmentOperatorInR,
    title   = {Assignment Operators},
    url     = {https://stat.ethz.ch/R-manual/R-patched/library/base/html/assignOps.html},
    urldate = {2018-09-18},
}

@online{swishRDataLibrary,
    title   = {Dealing with R data frames},
    url     = {https://swish.swi-prolog.org/example/Rdataframe.swinb},
    urldate = {2018-09-18},
}

@online{swishInstaller,
    title   = {swish-installer},
    author  = {Franco Masotti},
    url     = {https://github.com/frnmst/swish-installer/tree/cdc16920783b3b6d13e501846b7d55c79ed8201e},
    urldate = {2018-09-18},
}

@online{ubuntu,
    title           = {Ubuntu},
    note            = {Il rapporto con Debian},
    url             = {https://it.wikipedia.org/wiki/Ubuntu},
    urldate         = {2018-09-18},
    organization    = {Wikimedia Foundation, Inc.},
}

@online{debianPackaging,
    title   = {Debian New Maintainers' Guide},
    url     = {https://www.debian.org/doc/manuals/maint-guide/index.en.html},
    urldate = {2018-09-18},
}

@online{cplintOnSwish,
    title   = {SWISH: A web based SWI-Prolog environment integrated with examples from the Cplint suite},
    author  = {Fabrizio Riguzzi},
    url     = {https://github.com/friguzzi/swish},
    urldate = {2018-09-18},
}

@online{kalmanFilterRpl,
    title   = {kalman\_filter\_R.pl},
    author  = {Franco Masotti},
    url     = {https://github.com/frnmst/swish/blob/cc2c679e3c66a9ad136ee9704ba881de9ca2f884/examples/inference/kalman_filter_R.pl},
    urldate = {2018-09-18},
}

@online{sevenScientistsRpl,
    title   = {seven\_scientists\_R.pl},
    author  = {Franco Masotti},
    url     = {https://github.com/frnmst/swish/blob/cc2c679e3c66a9ad136ee9704ba881de9ca2f884/examples/inference/seven_scientists_R.pl},
    urldate = {2018-09-18},

}

@online{ggplot2VsRbaseGraphics,
    title           = {ggplot2},
    note            = {Comparison with base graphics and other packages},
    url             = {https://en.wikipedia.org/w/index.php?title=Ggplot2&oldid=859056595},
    urldate         = {2018-09-18},
    organization    = {Wikimedia Foundation, Inc.},
}

@book{ggplot2,
  author    = {Hadley Wickham},
  title     = {ggplot2: Elegant Graphics for Data Analysis},
  publisher = {Springer-Verlag New York},
  year      = {2016},
  isbn      = {978-3-319-24277-4},
  url       = {http://ggplot2.org},
}
