# ref.bib
# -
# thesis (c) by Franco Masotti <franco.masotti at student.unife.it>
# -
# thesis is licensed under a
# Creative Commons Attribution-ShareAlike 4.0 International License.
# -
# You should have received a copy of the license along with this
# work. If not, see <http://creativecommons.org/licenses/by-sa/4.0/>.

@online{prolog,
    title   =   {Prolog},
    url     =   {https://en.wikipedia.org/w/index.php?title=Prolog&oldid=859122393},
    urldate =   {2018-09-15},
    organization = {Wikipedia},
}

@online{swiprolog,
    title = {SWI Prolog},
    note = {SWI-Prolog offers a comprehensive free Prolog environment. Since 
            its start in 1987, SWI-Prolog development has been driven by the 
            needs of real world applications. SWI-Prolog is widely used in  
            research and education as well as commercial applications.},
    url = {https://web.archive.org/web/20180819072824/http://www.swi-prolog.org/},
    urldate =   {2018-09-15},
}

@online{swish,
    title = {SWISH},
    note = {SWISH is a great tool for teaching Prolog. We provide a prototype 
            of Learn Prolog Now! where SWISH is embedded to run examples and 
            solve excercises from within your browser.},
    url = {https://web.archive.org/web/20180915160031/https://swish.swi-prolog.org/help/about.html},
    urldate =   {2018-09-15},
}

@online{cplint,
    author = {Fabrizio Riguzzi},
    title = {cplint},
    organization = {UNIFE},
    note = {cplint is a suite of programs for reasoning with probabilistic 
            logic programs. It contains programs for both inference and 
            learning.},
    url = {https://github.com/friguzzi/cplint/tree/425ab7cd20ed60974bb80f5a5c54a4773a16d8ff}
}

@online{rDefinition,
    title = "R",
    note = "R is a free software environment for statistical computing and 
            graphics. It compiles and runs on a wide variety of UNIX platforms, 
            Windows and MacOS.",
    url = {https://www.r-project.org/}
}

@online{docker,
    title = {Docker \(software\)},
    note = "Containers are isolated from each other and bundle their 
            own tools, libraries and configuration files; they can communicate 
            with each other through well-defined channels. All containers are 
            run by a single operating system kernel and are thus more 
            lightweight than virtual machines.",
    url = {https://en.wikipedia.org/wiki/Docker_\%28software\%29}
}

@online{qemu,
    title = {QEMU},
    note = "QEMU is a generic and open source machine emulator and virtualizer.",
    url = {http://www.qemu-project.org/}
}

@online{qvm,
    author = "Franco Masotti",
    title = "qvm",
    note = "Trivial management of 64 bit virtual machines with qemu.",
    url = {https://github.com/frnmst/qvm}
}

@online{rserveclient,
    title = "rserve\_client",
    note = "SWI-Prolog/SWISH client for Rserve .",
    url = {https://github.com/JanWielemaker/rserve_client}
}

@online{rprolognotations,
    title = {Notazioni Prolog R},
    url = {http://swish.swi-prolog.org/example/Rserve.swinb}
}

@online{rFaster,
    title = "Performance tests for transferring data",
    url = {http://swish.swi-prolog.org/example/Rserve.swinb\#performance-tests-for-transferring-data}    
}

@online{portsLikeSystem,
    title = "Cos'è un sistema ports-like?",
    url = {https://wiki.archlinux.org/index.php/Arch_Build_System_(Italiano)\#Cos.27.C3.A8_un_sistema_ports-like.3F}
}

@online{archLinux,
    title = {Arch Linux},
    url = {https://wiki.archlinux.org/index.php?title=Arch_Linux_(Italiano)&oldid=463564}
}

@online{javascriptDepsSWISH,
    title = {Dispendenze javascript di SWISH},
    url = {https://github.com/SWI-Prolog/swish\#download-as-zip}
}

@online{lastestSWIProlog,
    title = {Get the latest SWI-Prolog},
    url = {https://github.com/SWI-Prolog/swish\#get-the-latest-swi-prolog}
}

@online{swishWebDepsZip,
    title = {Dipendenze web ZIP SWISH},
    url = {http://www.swi-prolog.org/download/swish/}
}

@online{aur,
    title = {Arch Linux User Repository},
    url = {https://wiki.archlinux.org/index.php/Arch_User_Repository_(Italiano)}
}

@online{debian,
    title = {COSA è Debian?},
    url = {https://www.debian.org/intro/about.it.html}
}

@online{debianFirstDistro,
    title = {A Brief History of Debian Chapter 1 - Introduction -- What is the Debian Project?},
    note = "At that time, the whole concept of a distribution of Linux was new.",
    url = {https://www.debian.org/doc/manuals/project-history/ch-intro.en.html}
}

@online{SWIPrologPPA,
    title = {SWI-Prolog owl logoInstalling from PPA (Ubuntu Personal Package Archive)},
    url = {http://www.swi-prolog.org/build/PPA.txt}
}

@online{ggplot2,
    title = "ggplot2",
    url = {http://ggplot2.org/}
}

@online{grammarOfGraphics,
    title = {The Grammar of (Interactive) Graphics},
    url = {https://mattsigal.github.io/InteractiveGraphics}
}

@online{ggplot2OriginalDefinition,
    title = {An Introduction to Data Science},
    url = {https://books.google.it/books?id=XSekDgAAQBAJ&pg=PT172\#v=onepage&q&f=false}
}

@online{operatingSystemLevelVirtualization,
    title = {Operating-system-level virtualization},
    url = {https://en.wikipedia.org/wiki/Operating-system-level_virtualization}
}

@online{DockerfileReference,
    title = {Dockerfile reference},
    url = {https://docs.docker.com/engine/reference/builder/\#format}
}

@online{rAssignmentOperator,
    title = {An Introduction to R},
    note = "Pag. 7 (13), Par. 2.1",
    url = {https://cran.r-project.org/doc/manuals/R-intro.pdf}    
}

@online{rObject,
    title = {An Introduction to R},
    note = "Pag. 11 (17), Par. 2.8",
    url = {https://cran.r-project.org/doc/manuals/R-intro.pdf}    
}

@online{rList,
    title = {An Introduction to R},
    note = "Pag. 26 (32), Par. 6.1",
    url = {https://cran.r-project.org/doc/manuals/R-intro.pdf}    
}

@online{rVectorsAndAssignment,
    title = {An Introduction to R},
    note = "Pag. 7 (13), Par. 2.1",
    url = {https://cran.r-project.org/doc/manuals/R-intro.pdf}    
}

@online{rConcatenatingLists,
    title = {An Introduction to R},
    note = "Pag. 27 (33), Par. 6.2.1",
    url = {https://cran.r-project.org/doc/manuals/R-intro.pdf}    
}
    
@online{rDataFrameDefinition,
    title = {An Introduction to R},
    note = "Pag. 27 (33), Par. 6.3.1",
    url = {https://cran.r-project.org/doc/manuals/R-intro.pdf}
}

@online{rDataFrameRestrictions,
    title = {An Introduction to R},
    note = "Pag. 27 (33), Par. 6.3.1",
    url = {https://cran.r-project.org/doc/manuals/R-intro.pdf}
}

@online{rDataFrameSimilarToMatrices,
    title = {An Introduction to R},
    note = "Pag. 27 (33), Par. 6.3",
    url = {https://cran.r-project.org/doc/manuals/R-intro.pdf}
}

@online{rMatrices,
    title = {An Introduction to R},
    note = "Pag. 22 (28), Par. 5.7",
    url = {https://cran.r-project.org/doc/manuals/R-intro.pdf}
}

@online{gridExtra,
    title = {gridExtra: Miscellaneous Functions for "Grid" Graphics},
    url = {https://cran.r-project.org/web/packages/gridExtra/index.html}
}

@online{dockerPrivilegeEscalation0,
    title = {Docker security},
    url = {http://docs.docker.com/engine/security/security/}
}

@online{dockerPrivilegeEscalation1,
    title = {Docker\#Installation},
    url = {https://wiki.archlinux.org/index.php/Docker\#Installation}
}

@online{bower,
    title = {Bower},
    note = "A package manager for the web",
    url = {https://bower.io/}
}

@online{rserve,
    title = {Rserve},
    note = "What is Rserve?",
    url = {https://www.rforge.net/Rserve/}
}

@online{unixSocket,
    title = {Unix domain socket},
    note = "A Unix domain socket or IPC socket (inter-process communication 
            socket) is a data communications endpoint for exchanging data 
            between processes executing on the same host operating system.",
    url = {https://en.wikipedia.org/wiki/Unix_domain_socket}
}

@online{canvasHtml,
    title = {Canvas element},
    note = "The canvas element is part of HTML5 and allows for dynamic, 
            scriptable rendering of 2D shapes and bitmap images. It is a low 
            level, procedural model that updates a bitmap and does not have a 
            built-in scene graph.",
    url = {https://en.wikipedia.org/wiki/Canvas_element}
}

@online{d3js,
    title = {D3.js},
    note = "D3 (Data-Driven Documents or D3.js) is a JavaScript library for 
            visualizing data using web standards. D3 helps you bring data to 
            life using SVG, Canvas and HTML.",
    url = {https://github.com/d3/d3/wiki}
}

@online{rserveClientDefinition,
    title = {rserve\_client\#Using this package},
    note = "This package is primarily intended for accessing R in server 
            environments such as SWISH. We created a Docker container that runs 
            Rserve in a sandbox.",
    url = {https://github.com/frnmst/rserve_client\#using-this-package}
}

@online{swishManualInstallation,
    title = {swish\#without-using-the-packages-building},
    url = {https://github.com/frnmst/swish\#without-using-the-packages-building}
}

@online{coinmswpl,
    title = {coinmsw.pl},
    url = {https://github.com/frnmst/swish/blob/master/examples/inference/coinmsw.pl}
}

@online{coinmswrpl,
    title = {coinmsw\_R.pl},
    url = {https://github.com/frnmst/swish/blob/master/examples/inference/coinmsw_R.pl}
}

@online{gpr,
    title = {Gaussian Processes for Regression: A Quick Introduction},
    url = {https://arxiv.org/pdf/1505.02965v2.pdf},
    author = "M. Ebden",
    year = "2008",
    month = "08"
}

@online{gprRpl,
    title = {gpr\_R.pl},
    url = {https://github.com/frnmst/swish/blob/master/examples/inference/gpr\_R.pl},
    author = "Franco Masotti"
}

@online{cplintRInterface,
    title = {Cplint R's interface},
    url = {https://frnmst.github.io/cplint_r/cplint_r.html\#Interface},
    author = "Franco Masotti"
}

@online{assignmentOperatorInR,
    title = {Assignment Operators},
    url = {https://stat.ethz.ch/R-manual/R-patched/library/base/html/assignOps.html}
}

@online{swishRDataLibrary,
    title = {Dealing with R data frames},
    url = {https://swish.swi-prolog.org/example/Rdataframe.swinb}
}

@online{swishInstaller,
    title = {swish-installer},
    note = "A set of packages that are able to build and install SWISH, Cplint 
            on SWISH with an R environment and library.",
    url = {https://github.com/frnmst/swish-installer}
}

@online{ubuntu,
    title = {Ubuntu\#Il rapporto con Debian},
    url = {https://it.wikipedia.org/wiki/Ubuntu\#Il_rapporto_con_Debian}
}

@online{debianPackaging,
    title = {Debian New Maintainers' Guide},
    url = {https://www.debian.org/doc/manuals/maint-guide/index.en.html}
}

@online{cplintOnSwish,
    title = "SWISH: A web based SWI-Prolog environment integrated with examples from the Cplint suite",
    url = {https://github.com/friguzzi/swish}
}

@online{kalmanFilterRpl,
    title = "kalman\_filter\_R.pl",
    url = {https://github.com/frnmst/swish/blob/master/examples/inference/kalman_filter_R.pl}
}

@online{sevenScientistsRpl,
    title = "seven\_scientists\_R.pl",
    url = {https://github.com/frnmst/swish/blob/master/examples/inference/seven_scientists_R.pl}
}

@online{swishInstallerInstallation,
    title = {swish-installer\#Installation},
    url = {https://frnmst.github.io/swish-installer/swish-installer.html\#Installation}
}

@online{ggplot2VsRbaseGraphics,
    title = {ggplot2\#Comparison with base graphics and other packages},
    url = {https://en.wikipedia.org/w/index.php?title=Ggplot2&oldid=859056595\#Comparison\_with\_base\_graphics\_and\_other\_packages}
}

@book{ggplot2,
  author = {Hadley Wickham},
  title = {ggplot2: Elegant Graphics for Data Analysis},
  publisher = {Springer-Verlag New York},
  year = {2016},
  isbn = {978-3-319-24277-4},
  url = {http://ggplot2.org},
}
